<?xml version="1.0" encoding="UTF-8"?><collection xmlns="http://www.loc.gov/MARC21/slim"><record><leader>00586nam--2200181-i-4500</leader><controlfield tag="001">000000173</controlfield><controlfield tag="002">20161230</controlfield><controlfield tag="005">20161230201023</controlfield><controlfield tag="008">060222s1000------------r-----000-0-fre-d</controlfield><datafield ind1=" " ind2=" " tag="040"><subfield code="a">IFIN-HH</subfield></datafield><datafield ind1=" " ind2=" " tag="041"><subfield code="a">fre</subfield></datafield><datafield ind1=" " ind2=" " tag="080"><subfield code="a">015:543.42:535.33</subfield></datafield><datafield ind1="1" ind2=" " tag="100"><subfield code="a">Germanique, Jean-claude</subfield></datafield><datafield ind1="1" ind2="0" tag="245"><subfield code="a">Absorption atomique. spectrometrie d`emission a lecture directe. comparaison dans le dosage des traces dans les roches basiques</subfield><subfield code="b">These</subfield><subfield code="c">Germanique jean-claude</subfield></datafield><datafield ind1=" " ind2=" " tag="260"><subfield code="a">Lyon</subfield><subfield code="b">Universite Claude Bernard</subfield><subfield code="c">1971</subfield></datafield><datafield ind1=" " ind2=" " tag="300"><subfield code="a">147 P</subfield></datafield><datafield ind1=" " ind2=" " tag="852"><subfield code="a">38302</subfield><subfield code="c">535.33</subfield></datafield><datafield ind1=" " ind2=" " tag="CAT"><subfield code="a">Sys</subfield><subfield code="c">20101206</subfield><subfield code="h">125728</subfield></datafield></record></collection>